<?xml version="1.0" encoding="UTF-8"?><collection xmlns="http://www.loc.gov/MARC21/slim"><record><leader>00650nam--2200193-i-4500</leader><controlfield tag="001">000014708</controlfield><controlfield tag="002">20161230</controlfield><controlfield tag="005">20161230201031</controlfield><controlfield tag="008">060222s1000------------r-----000-0-eng-d</controlfield><datafield ind1=" " ind2=" " tag="040"><subfield code="a">IFIN-HH</subfield></datafield><datafield ind1=" " ind2=" " tag="080"><subfield code="a">539.222.22(061.3)</subfield></datafield><datafield ind1="1" ind2=" " tag="100"><subfield code="a">Carter, D.L./S.A.</subfield></datafield><datafield ind1="1" ind2="0" tag="245"><subfield code="a">The physics of semimetals and narrow-gap semic onductors</subfield><subfield code="b">Proceedings of the conference held at dallas, texas, 20-21 march, 1970</subfield><subfield code="c">D.l. carter, r.t. bate (eds.)</subfield></datafield><datafield ind1=" " ind2=" " tag="260"><subfield code="a">Oxford</subfield><subfield code="b">Pergamon Press</subfield><subfield code="c">1971</subfield></datafield><datafield ind1=" " ind2=" " tag="300"><subfield code="a">IX + 568 P</subfield></datafield><datafield ind1=" " ind2=" " tag="490"><subfield code="a">The Journal Of Physics And Chemistry Of Solids</subfield></datafield><datafield ind1=" " ind2=" " tag="700"><subfield code="a">Bate, R.T</subfield></datafield><datafield ind1=" " ind2=" " tag="852"><subfield code="a">75112</subfield><subfield code="c">537.311.33</subfield></datafield><datafield ind1=" " ind2=" " tag="CAT"><subfield code="a">Sys</subfield><subfield code="c">20110729</subfield><subfield code="h">120151</subfield></datafield></record></collection>